@article{Stark04,
        author    = {T. Stark},
        title     = {{M}aintaining {K}nowledge about {W}eaponry},
        journal   = {International Journal of Armored Weapons},
        volume    = {26},
        number    = {11},
        pages     = {832--843},
        year      = {2004}
    }

    @incollection{Riddle94,
        author      = {T. M. Riddle},
        title       = {{I}ntegrating {P}otions and {D}eath {E}aters},
        editor      = {Mary Zen and Mark S. Furling},
        booktitle   = {Intelligent Magic},
        publisher   = {Morgan Kaufmann},
        year        = 1994,
        pages       = {169--212},
        chapter     = 6
    }

    @inproceedings{LutorK17,
        author    = {L. Lutor and C. Kent},
        title     = {
            {On The Effects of Mineral Mining from Alien Planets}
        },
        booktitle = {
            {Proc. of the 31st {AAAI} Conference on Alien
                Intelligence}
        },
        pages     = {3547--3554},
        year      = {2017}
    }