@article{ferrara2017disinformation,
  title={Disinformation and social bot operations in the run up to the 2017 French presidential election},
  author={Ferrara, Emilio},
  journal={First Monday},
  volume={22},
  number={8},
  year={2017}
},

@article{bessi2016social,
  title={Social bots distort the 2016 US Presidential election online discussion},
  author={Bessi, Alessandro and Ferrara, Emilio},
  journal={First Monday},
  volume={21},
  number={11-7},
  year={2016}
},

@inproceedings{morstatter2013sample,
  title={Is the sample good enough? comparing data from twitter's streaming api with twitter's firehose},
  author={Morstatter, Fred and Pfeffer, J{\"u}rgen and Liu, Huan and Carley, Kathleen M},
  booktitle={Seventh international AAAI conference on weblogs and social media},
  year={2013}
},

@article{kudugunta2018deep,
  title={Deep neural networks for bot detection},
  author={Kudugunta, Sneha and Ferrara, Emilio},
  journal={Information Sciences},
  volume={467},
  pages={312--322},
  year={2018},
  publisher={Elsevier}
},

@inproceedings{rizoiu2018debatenight,
  title={\# DebateNight: The Role and Influence of Socialbots on Twitter During the 1st 2016 US Presidential Debate},
  author={Rizoiu, Marian-Andrei and Graham, Timothy and Zhang, Rui and Zhang, Yifei and Ackland, Robert and Xie, Lexing},
  booktitle={Twelfth International AAAI Conference on Web and Social Media},
  year={2018}
},

@article{grinberg2019fake,
  title={Fake news on Twitter during the 2016 US presidential election},
  author={Grinberg, Nir and Joseph, Kenneth and Friedland, Lisa and Swire-Thompson, Briony and Lazer, David},
  journal={Science},
  volume={363},
  number={6425},
  pages={374--378},
  year={2019},
  publisher={American Association for the Advancement of Science}
},

@article{yang2019arming,
  title={Arming the public with artificial intelligence to counter social bots},
  author={Yang, Kai-Cheng and Varol, Onur and Davis, Clayton A and Ferrara, Emilio and Flammini, Alessandro and Menczer, Filippo},
  journal={Human Behavior and Emerging Technologies},
  volume={1},
  number={1},
  pages={48--61},
  year={2019},
  publisher={Wiley Online Library}
},

@inproceedings{deb2019perils,
  title={Perils and Challenges of Social Media and Election Manipulation Analysis: The 2018 US Midterms},
  author={Deb, Ashok and Luceri, Luca and Badaway, Adam and Ferrara, Emilio},
  booktitle={Companion Proceedings of The 2019 World Wide Web Conference},
  pages={237--247},
  year={2019},
  organization={ACM}
},

@article{varol2017early,
  title={Early detection of promoted campaigns on social media},
  author={Varol, Onur and Ferrara, Emilio and Menczer, Filippo and Flammini, Alessandro},
  journal={EPJ Data Science},
  volume={6},
  number={1},
  pages={13},
  year={2017},
  publisher={SpringerOpen}
},

@inproceedings{yates2016news,
  title={The News Cycle's Influence on Social Media Activity},
  author={Yates, Andrew and Joselow, Jonah and Goharian, Nazli},
  booktitle={Tenth International AAAI Conference on Web and Social Media},
  year={2016}
},

@article{bovet2019influence,
  title={Influence of fake news in Twitter during the 2016 US presidential election},
  author={Bovet, Alexandre and Makse, Hern{\'a}n A},
  journal={Nature communications},
  volume={10},
  number={1},
  pages={7},
  year={2019},
  publisher={Nature Publishing Group}
},

@article{shao2018spread,
  title={The spread of low-credibility content by social bots},
  author={Shao, Chengcheng and Ciampaglia, Giovanni Luca and Varol, Onur and Yang, Kai-Cheng and Flammini, Alessandro and Menczer, Filippo},
  journal={Nature communications},
  volume={9},
  number={1},
  pages={4787},
  year={2018},
  publisher={Nature Publishing Group}
},

@inproceedings{zannettou2019let,
  title={Who Let The Trolls Out?: Towards Understanding State-Sponsored Trolls},
  author={Zannettou, Savvas and Caulfield, Tristan and Setzer, William and Sirivianos, Michael and Stringhini, Gianluca and Blackburn, Jeremy},
  booktitle={Proceedings of the 10th ACM Conference on Web Science},
  pages={353--362},
  year={2019},
  organization={ACM}
},

@article{vosoughi2018spread,
  title={The spread of true and false news online},
  author={Vosoughi, Soroush and Roy, Deb and Aral, Sinan},
  journal={Science},
  volume={359},
  number={6380},
  pages={1146--1151},
  year={2018},
  publisher={American Association for the Advancement of Science}
},

@article{paul2016russian,
  title={The Russian “firehose of falsehood” propaganda model},
  author={Paul, Christopher and Matthews, Miriam},
  journal={Rand Corporation},
  pages={2--7},
  year={2016}
},

@article{ferrara2016rise,
  title={The rise of social bots},
  author={Ferrara, Emilio and Varol, Onur and Davis, Clayton and Menczer, Filippo and Flammini, Alessandro},
  journal={Communications of the ACM},
  volume={59},
  number={7},
  pages={96--104},
  year={2016},
  publisher={ACM}
},

@inproceedings{davis2016botornot,
  title={Botornot: A system to evaluate social bots},
  author={Davis, Clayton Allen and Varol, Onur and Ferrara, Emilio and Flammini, Alessandro and Menczer, Filippo},
  booktitle={Proceedings of the 25th International Conference Companion on World Wide Web},
  pages={273--274},
  year={2016},
  organization={International World Wide Web Conferences Steering Committee}
},

@inproceedings{grimme2018changing,
  title={Changing Perspectives: Is It Sufficient to Detect Social Bots?},
  author={Grimme, Christian and Assenmacher, Dennis and Adam, Lena},
  booktitle={International Conference on Social Computing and Social Media},
  pages={445--461},
  year={2018},
  organization={Springer}
},

@article{mitter2014categorization,
  title={A categorization scheme for socialbot attacks in online social networks},
  author={Mitter, Silvia and Wagner, Claudia and Strohmaier, Markus},
  journal={arXiv preprint arXiv:1402.6288},
  year={2014}
},

@inproceedings{morstatter2018alt,
  title={From alt-right to alt-rechts: Twitter analysis of the 2017 german federal election},
  author={Morstatter, Fred and Shao, Yunqiu and Galstyan, Aram and Karunasekera, Shanika},
  booktitle={Companion Proceedings of the The Web Conference 2018},
  pages={621--628},
  year={2018},
  organization={International World Wide Web Conferences Steering Committee}
},

@misc{2019_social_flagship_report,
  url={https://www.globalwebindex.com/hubfs/Downloads/2019%20Q1%20Social%20Flagship%20Report.pdf},
  author={GlobalWebIndex},
  title={2019 Q1 Social Flagship Report},
  year={2019}
},

@misc{pew_research_news,
  url={https://www.journalism.org/2018/09/10/news-use-across-social-media-platforms-2018/},
  author={PewResearchCenter},
  year={2018},
  title={News Use Across Social Media Platforms 2018}
},

@misc{twiplomacy,
  url={https://twiplomacy.com/blog/twiplomacy-study-2018/},
  author={Twiplomacy},
  year={2018},
  title={Twiplomacy Study 2018}
},

@misc{adstage_2018_report,
  author={Adstage},
  year={2019},
  title={Q4 2018 Paid Media Benchmark Report}
},

@misc{mueller_investigation,
  author={Robert S. Mueller},
  title={Report On The Investigation Into Russian Interference In The 2016 Presidential Election},
  year={2019},
  url={https://cdn.cnn.com/cnn/2019/images/04/18/mueller-report-searchable.pdf}
},

@article{munger2017don,
  title={Don’t@ Me: Experimentally Reducing Partisan Incivility on Twitter},
  author={Munger, Kevin},
  journal={Unpublished manuscript},
  year={2017}
},

@article{gruzd2014investigating,
  title={Investigating political polarization on Twitter: A Canadian perspective},
  author={Gruzd, Anatoliy and Roy, Jeffrey},
  journal={Policy \& Internet},
  volume={6},
  number={1},
  pages={28--45},
  year={2014},
  publisher={Wiley Online Library}
},


@article{zannettou2019characterizing,
  title={Characterizing the Use of Images by State-Sponsored Troll Accounts on Twitter},
  author={Zannettou, Savvas and Bradlyn, Barry and De Cristofaro, Emiliano and Stringhini, Gianluca and Blackburn, Jeremy},
  journal={arXiv preprint arXiv:1901.05997},
  year={2019}
},

@article{lazer2018science,
  title={The science of fake news},
  author={Lazer, David MJ and Baum, Matthew A and Benkler, Yochai and Berinsky, Adam J and Greenhill, Kelly M and Menczer, Filippo and Metzger, Miriam J and Nyhan, Brendan and Pennycook, Gordon and Rothschild, David and others},
  journal={Science},
  volume={359},
  number={6380},
  pages={1094--1096},
  year={2018},
  publisher={American Association for the Advancement of Science}
},

@article{howard2018algorithms,
  title={Algorithms, bots, and political communication in the US 2016 election: The challenge of automated political communication for election law and administration},
  author={Howard, Philip N and Woolley, Samuel and Calo, Ryan},
  journal={Journal of information technology \& politics},
  volume={15},
  number={2},
  pages={81--93},
  year={2018},
  publisher={Taylor \& Francis}
},

@article{howard2016bots,
  title={Bots and Automation over Twitter during the US Election},
  author={Howard, Philip N and Kollanyi, Bence and Woolley, Samuel},
  journal={Computational Propaganda Project: Working Paper Series},
  year={2016}
},

@article{gonzalez2013broadcasters,
  title={Broadcasters and hidden influentials in online protest diffusion},
  author={Gonz{\'a}lez-Bail{\'o}n, Sandra and Borge-Holthoefer, Javier and Moreno, Yamir},
  journal={American Behavioral Scientist},
  volume={57},
  number={7},
  pages={943--965},
  year={2013},
  publisher={Sage Publications Sage CA: Los Angeles, CA}
},

@article{dredze2012social,
  title={How social media will change public health},
  author={Dredze, Mark},
  journal={IEEE Intelligent Systems},
  volume={27},
  number={4},
  pages={81--84},
  year={2012},
  publisher={IEEE}
},

@inproceedings{asur2010predicting,
  title={Predicting the future with social media},
  author={Asur, Sitaram and Huberman, Bernardo A},
  booktitle={Proceedings of the 2010 IEEE/WIC/ACM International Conference on Web Intelligence and Intelligent Agent Technology-Volume 01},
  pages={492--499},
  year={2010},
  organization={IEEE Computer Society}
},

@article{nguyen2015sentiment,
  title={Sentiment analysis on social media for stock movement prediction},
  author={Nguyen, Thien Hai and Shirai, Kiyoaki and Velcin, Julien},
  journal={Expert Systems with Applications},
  volume={42},
  number={24},
  pages={9603--9611},
  year={2015},
  publisher={Elsevier}
},

@article{liu2016predicting,
  title={Predicting movie Box-office revenues by exploiting large-scale social media content},
  author={Liu, Ting and Ding, Xiao and Chen, Yiheng and Chen, Haochen and Guo, Maosheng},
  journal={Multimedia Tools and Applications},
  volume={75},
  number={3},
  pages={1509--1528},
  year={2016},
  publisher={Springer}
},

@article{moorhead2013new,
  title={A new dimension of health care: systematic review of the uses, benefits, and limitations of social media for health communication},
  author={Moorhead, S Anne and Hazlett, Diane E and Harrison, Laura and Carroll, Jennifer K and Irwin, Anthea and Hoving, Ciska},
  journal={Journal of medical Internet research},
  volume={15},
  number={4},
  pages={e85},
  year={2013},
  publisher={JMIR Publications Inc., Toronto, Canada}
},

@article{househ2014empowering,
  title={Empowering patients through social media: the benefits and challenges},
  author={Househ, Mowafa and Borycki, Elizabeth and Kushniruk, Andre},
  journal={Health informatics journal},
  volume={20},
  number={1},
  pages={50--58},
  year={2014},
  publisher={Sage Publications Sage UK: London, England}
},

@article{ellison2007benefits,
  title={The benefits of Facebook “friends:” Social capital and college students’ use of online social network sites},
  author={Ellison, Nicole B and Steinfield, Charles and Lampe, Cliff},
  journal={Journal of computer-mediated communication},
  volume={12},
  number={4},
  pages={1143--1168},
  year={2007},
  publisher={Oxford University Press Oxford, UK}
},

@article{forelle2015political,
  title={Political bots and the manipulation of public opinion in Venezuela},
  author={Forelle, Michelle and Howard, Phil and Monroy-Hern{\'a}ndez, Andr{\'e}s and Savage, Saiph},
  journal={arXiv preprint arXiv:1507.07109},
  year={2015}
},

@article{bradshaw2017troops,
  title={Troops, trolls and troublemakers: A global inventory of organized social media manipulation},
  author={Bradshaw, Samantha and Howard, Philip},
  year={2017},
  publisher={Oxford Internet Institute}
},

@article{marwick2017media,
  title={Media manipulation and disinformation online},
  author={Marwick, Alice and Lewis, Rebecca},
  journal={New York: Data \& Society Research Institute},
  year={2017}
},

@article{harkins1981multiple,
  title={The multiple source effect in persuasion: The effects of distraction},
  author={Harkins, Stephen G and Petty, Richard E},
  journal={Personality and Social Psychology Bulletin},
  volume={7},
  number={4},
  pages={627--635},
  year={1981},
  publisher={Sage Publications Sage CA: Thousand Oaks, CA}
},

@article{pornpitakpan2004persuasiveness,
  title={The persuasiveness of source credibility: A critical review of five decades' evidence},
  author={Pornpitakpan, Chanthika},
  journal={Journal of applied social psychology},
  volume={34},
  number={2},
  pages={243--281},
  year={2004},
  publisher={Wiley Online Library}
},

@misc{petty1994think,
  title={To think or not to think? Exploring two routes to persuasion In: Shavitt S, Brock TC, editors. Persuasion: Psychological insights and perspectives},
  author={Petty, RE and Cacioppo, JT and Strathman, A and Priester, J},
  year={1994},
  publisher={Needham Heights, MA: Allyn \& Bacon}
},

@article{underwood1998memory,
  title={Memory suggestibility as an example of the sleeper effect},
  author={Underwood, Joe and Pezdek, Kathy},
  journal={Psychonomic Bulletin \& Review},
  volume={5},
  number={3},
  pages={449--453},
  year={1998},
  publisher={Springer}
},

@misc{twitter_remember,
  url={https://blog.twitter.com/marketing/en_us/topics/product-news/2018/expanding-in-stream-video-ads-to-more-advertisers-globally.html},
  author={Park, Mike},
  year={2018},
  title={Expanding In-Stream Video Ads to more advertisers globally},
  publisher={Springer}
},

@article{haustein2016tweets,
  title={Tweets as impact indicators: Examining the implications of automated “bot” accounts on T witter},
  author={Haustein, Stefanie and Bowman, Timothy D and Holmberg, Kim and Tsou, Andrew and Sugimoto, Cassidy R and Larivi{\`e}re, Vincent},
  journal={Journal of the Association for Information Science and Technology},
  volume={67},
  number={1},
  pages={232--238},
  year={2016},
  publisher={Wiley Online Library}
},

@article{cresci2015fame,
  title={Fame for sale: Efficient detection of fake Twitter followers},
  author={Cresci, Stefano and Di Pietro, Roberto and Petrocchi, Marinella and Spognardi, Angelo and Tesconi, Maurizio},
  journal={Decision Support Systems},
  volume={80},
  pages={56--71},
  year={2015},
  publisher={Elsevier}
},

@inproceedings{luceri2019red,
  title={Red Bots Do It Better: Comparative Analysis of Social Bot Partisan Behavior},
  author={Luceri, Luca and Deb, Ashok and Badawy, Adam and Ferrara, Emilio},
  booktitle={Companion Proceedings of The 2019 World Wide Web Conference},
  pages={1007--1012},
  year={2019},
  organization={ACM}
},

@inproceedings{stewart2018examining,
  title={Examining trolls and polarization with a retweet network},
  author={Stewart, Leo G and Arif, Ahmer and Starbird, Kate},
  booktitle={Proc. ACM WSDM, Workshop on Misinformation and Misbehavior Mining on the Web},
  year={2018}
},

@inproceedings{weng2010twitterrank,
  title={Twitterrank: finding topic-sensitive influential twitterers},
  author={Weng, Jianshu and Lim, Ee-Peng and Jiang, Jing and He, Qi},
  booktitle={Proceedings of the third ACM international conference on Web search and data mining},
  pages={261--270},
  year={2010},
  organization={ACM}
},

@article{rodriguez2011uncovering,
  title={Uncovering the temporal dynamics of diffusion networks},
  author={Rodriguez, Manuel Gomez and Balduzzi, David and Sch{\"o}lkopf, Bernhard},
  journal={arXiv preprint arXiv:1105.0697},
  year={2011}
},

@article{cho2013latent,
  title={Latent self-exciting point process model for spatial-temporal networks},
  author={Cho, Yoon-Sik and Galstyan, Aram and Brantingham, P Jeffrey and Tita, George},
  journal={arXiv preprint arXiv:1302.2671},
  year={2013}
},

@inproceedings{linderman2014discovering,
  title={Discovering latent network structure in point process data},
  author={Linderman, Scott and Adams, Ryan},
  booktitle={International Conference on Machine Learning},
  pages={1413--1421},
  year={2014}
},

@article{thelwall2010sentiment,
  title={Sentiment strength detection in short informal text},
  author={Thelwall, Mike and Buckley, Kevan and Paltoglou, Georgios and Cai, Di and Kappas, Arvid},
  journal={Journal of the American Society for Information Science and Technology},
  volume={61},
  number={12},
  pages={2544--2558},
  year={2010},
  publisher={Wiley Online Library}
},

@article{thelwallheart,
  title={Heart and soul: Sentiment strength detection in the social web with sentistrength (summary book chapter)},
  author={Thelwall, M},
  year={2013},
  journal={Cyberemotions: Collective emotions in cyberspace. Berlin, Germany: Springer},
  pages={119--134}
},

@inproceedings{gao2010detecting,
  title={Detecting and characterizing social spam campaigns},
  author={Gao, Hongyu and Hu, Jun and Wilson, Christo and Li, Zhichun and Chen, Yan and Zhao, Ben Y},
  booktitle={Proceedings of the 10th ACM SIGCOMM conference on Internet measurement},
  pages={35--47},
  year={2010},
  organization={ACM}
},

@inproceedings{chu2012detecting,
  title={Detecting social spam campaigns on twitter},
  author={Chu, Zi and Widjaja, Indra and Wang, Haining},
  booktitle={International Conference on Applied Cryptography and Network Security},
  pages={455--472},
  year={2012},
  organization={Springer}
},

@incollection{ferrara2018measuring,
  title={Measuring social spam and the effect of bots on information diffusion in social media},
  author={Ferrara, Emilio},
  booktitle={Complex Spreading Phenomena in Social Systems},
  pages={229--255},
  year={2018},
  publisher={Springer}
},

@inproceedings{hutto2014vader,
  title={Vader: A parsimonious rule-based model for sentiment analysis of social media text},
  author={Hutto, Clayton J and Gilbert, Eric},
  booktitle={Eighth international AAAI conference on weblogs and social media},
  year={2014}
},

@inproceedings{cresci2017paradigm,
  title={The paradigm-shift of social spambots: Evidence, theories, and tools for the arms race},
  author={Cresci, Stefano and Di Pietro, Roberto and Petrocchi, Marinella and Spognardi, Angelo and Tesconi, Maurizio},
  booktitle={Proceedings of the 26th international conference on World Wide Web companion},
  pages={963--972},
  year={2017},
  organization={International World Wide Web Conferences Steering Committee}
},

@inproceedings{du2013scalable,
  title={Scalable influence estimation in continuous-time diffusion networks},
  author={Du, Nan and Song, Le and Rodriguez, Manuel Gomez and Zha, Hongyuan},
  booktitle={Advances in neural information processing systems},
  pages={3147--3155},
  year={2013}
},

@TWEET{botometer_tweet,
       author={Botometer},
       authorid={Botometer},
       year={2019},
       month={May},
       day={3},
       tweetid={1124137398764494848},
       tweetcontent={8/12 Finally, (3) "according to the »Botometer«, almost half the US Congress members are bots." The Botometer FAQ states: 'Botometer sometimes categorizes "organizational accounts" as bot accounts.' Many Congress members' accounts are highly curated by PR teams, not individuals.}},

@article{ferrara2015manipulation,
  title={Manipulation and abuse on social media by emilio ferrara with ching-man au yeung as coordinator},
  author={Ferrara, Emilio},
  journal={ACM SIGWEB Newsletter},
  number={Spring},
  pages={4},
  year={2015},
  publisher={ACM}
},

@inproceedings{abokhodair2015dissecting,
  title={Dissecting a social botnet: Growth, content and influence in Twitter},
  author={Abokhodair, Norah and Yoo, Daisy and McDonald, David W},
  booktitle={Proceedings of the 18th ACM Conference on Computer Supported Cooperative Work \& Social Computing},
  pages={839--851},
  year={2015},
  organization={ACM}
},

@misc{bettermetrics2019,
  title={Reconstructing Twitter's Firehose},
  author={Baumgartner, J},
  year={2019},
  publisher={Google Docs},
  url={https://docs.google.com/document/d/1xVrPoNutyqTdQ04DXBEZW4ZW4A5RAQW2he7qIpTmG-M/edit}
},  

@misc{twitter, 
  title={About suspended accounts}, 
  url={https://help.twitter.com/en/managing-your-account/suspended-twitter-accounts}, 
  journal={Twitter}, 
  publisher={Twitter}, 
  author={Twitter}
}